% This is for your references, 

@article{akhbari2013outer,
  title     = {On the outer-connected domination in graphs},
  author    = {Akhbari, M.H. and Hasni, R. and Favaron, O. and Karami, H. and Sheikholeslami, S.M.},
  journal   = {Journal of Combinatorial Optimization},
  volume    = {26},
  number    = {1},
  pages     = {10--18},
  year      = {2011},
  publisher = {Springer}
}

@article{arumugam2009connected,
  title   = {Connected edge domination in graphs},
  author  = {Arumugam, S. and Velammal, S.},
  journal = {Bulletin of Allahabad Mathematical Society},
  volume  = {24},
  number  = {1},
  pages   = {43--49},
  year    = {2009}
}
@book{berge1962theory,
  title   = {The theory of graphs and its applications, Methuen \& Co},
  author  = {Berge, C.},
  journal = {Ltd., London},
  year    = {1962}
}
